@book{ibmred,
    author    = "Vasfi Gucer, Shishir Narain",
    title     = "Microservices from Theory to Practice: Creating
Applications in IBM Bluemix Using the Microservices
Approach",
    year      = "2015",
    publisher = "IBM Redbooks"
}